@misc{zadani,
   key={zadani},
   title={{Backyard star wars}},
   howpublished={\url{http://spectrum.ieee.org/consumer-electronics/gadgets/backyard-star-wars}}


@misc{web,
   key={web},
   title={{Stránky předmětu}},
   howpublished={\url{http://cw.felk.cvut.cz/doku.php/courses/a3m33iro/cviceni}}
}}
